@article{fragoudakis-paintings,
  author  = {Christodoulos Fragoudakis and Euripides Markou and Stathis Zachos},
  title   = {How to Place Efficiently Guards and Paintings in an Art Gallery},
  journal = {Lecture Notes in Computer Science},
  volume  = {3746},
  pages   = {145--154},
  month   = {November},
  year    = {2005},
  isbn    = {978-3-540-29673-7},
  doi     = {10.1007/11573036_14}
}

@article{fragoudakis-interior,
  author  = {Ioannis Emiris and Christodoulos Fragoudakis and Euripides Markou},
  title   = {Maximizing the Guarded Interior of an Art Gallery},
  journal = {European Workshop on Computational Geometry},
  pages   = {165--169},
  month   = {March},
  year    = {2006}
}

@article{fragoudakis-boundary,
  author  = {Christodoulos Fragoudakis and Euripides Markou and Stathis Zachos},
  title   = {Maximizing the guarded boundary of an Art Gallery is APX-Complete},
  journal = {Computational Geometry},
  volume  = {38},
  issue   = {3},
  pages   = {170--180},
  month   = {October},
  year    = {2007}
}


@article{abdelkader,
  author  = {Ahmed Abdelkader and Adhmed Saeed and Khaled Harras and Amr Mohamed},
  title   = {The Inapproximabiliy of Illuminating Polygons by $\alpha$-Floodlights},
  journal = {Proceedings of the Canadian Conference on Computational Geometry 2015},
  month   = {August},
  year    = {2015}
}

@article{feige,
  author  = {Uriel Feige},
  title   = {A Threshold of $\ln n$ for Approximating Set Cover},
  journal = {Journal of the ACM},
  volume  = {45},
  issue   = {4},
  pages   = {634--652},
  month   = {July},
  year    = {1998}
}


@article{cornuejols,
  author  = {Gerard Cornuejols and Marshall L. Fisher and George L. Nemhauser},
  title   = {Exceptional Paper---Location of Bank Accounts to Optimize Float: An Analytic Study of Exact and Approximate Algorithms},
  journal = {Management Science},
  volume  = {23},
  issue   = {8},
  pages   = {789--810},
  month   = {April},
  year    = {1977}
}

@article{khuller,
  author  = {Samir Khuller and Anna Moss and Joseph (Seffi) Naor},
  title   = {The Budgeted Maximum Coverage Problem},
  journal = {Information Processing Letters},
  volume  = {70},
  issue   = {1},
  pages   = {39--45},
  month   = {April},
  year    = {1999}
}

@article{visibility,
  author  = {Hossam El Gindy and David Avis},
  title   = {A Linear Algorithm for Computing the Visibility Polygon from a Point},
  journal = {Journal of Algorithms},
  volume  = {2},
  issue   = {2},
  pages   = {186--197},
  month   = {June},
  year    = {1981}
}

@inproceedings{das-robustly,
  author  = {Rathish Das and Omrit Filtser and Matthew J. Katz and Joseph S.B. Mitchell},
  title   = {Robustly Guarding Polygons},
  journal = {40th International Symposium on Computational Geometry (SoCG 2024)},
  volume  = {293},
  pages   = {1--47},
  month   = {June},
  year    = {2024}
}

@book{orourke-artgallery,
  author    = {O'Rourke, Joseph},
  title     = {Art Gallery Theorems and Algorithms},
  year      = {1987},
  isbn      = {0195039653},
  publisher = {Oxford University Press, Inc.},
  address   = {USA}
}

@article{hochbaum-maxkcover,
  author  = {Dorit S. Hochbaum and Anu Pathria},
  title   = {Analysis of the Greedy Approach in Problems of Maximum $k$-Coverage},
  journal = {Naval Research Logistics},
  volume  = {45},
  issue   = {6},
  pages   = {615--627},
  month   = {September},
  year    = {1998}
}


